<?xml version="1.0" encoding="UTF-8"?><collection xmlns="http://www.loc.gov/MARC21/slim"><record><leader>00604nam--2200193-i-4500</leader><controlfield tag="001">000020993</controlfield><controlfield tag="002">20161230</controlfield><controlfield tag="005">20170304212354</controlfield><controlfield tag="008">060222s1000------------r-----000-0-eng-d</controlfield><datafield ind1=" " ind2=" " tag="040"><subfield code="a">IFIN-HH</subfield></datafield><datafield ind1=" " ind2=" " tag="080"><subfield code="a">537[87:874.4]:534.2</subfield></datafield><datafield ind1="1" ind2=" " tag="100"><subfield code="a">Chavent, Guy</subfield></datafield><datafield ind1="1" ind2="0" tag="245"><subfield code="a">Inverse Problems in Wave Propagation</subfield><subfield code="c">Guy Chavent, George Papanicolaou, Paul Sacks, William W. Symes (Eds.)</subfield></datafield><datafield ind1=" " ind2=" " tag="260"><subfield code="a">New York</subfield><subfield code="b">Springer</subfield><subfield code="c">1997</subfield></datafield><datafield ind1=" " ind2=" " tag="300"><subfield code="a">499 p</subfield></datafield><datafield ind1=" " ind2=" " tag="490"><subfield code="a">The IMA Volumes in Mathematics and its Applications</subfield><subfield code="v">Vol. 90</subfield></datafield><datafield ind1="1" ind2=" " tag="700"><subfield code="a">Symes, William W</subfield><subfield code="e">ed</subfield></datafield><datafield ind1=" " ind2=" " tag="852"><subfield code="a">81532</subfield><subfield code="c">534</subfield></datafield><datafield ind1=" " ind2=" " tag="CAT"><subfield code="a">SYS</subfield><subfield code="c">20170304</subfield><subfield code="h">212354</subfield></datafield></record></collection>